@INPROCEEDINGS{Khot02onthe,
    author = {Subhash Khot},
    title = {On the power of unique 2-prover 1-round games},
    booktitle = {In Proceedings of the 34th Annual ACM Symposium on Theory of Computing},
    year = {2002},
    pages = {767--775},
    publisher = {ACM Press}
}
@INPROCEEDINGS{1530695,
  author={Subhash Khot},
  booktitle={46th Annual IEEE Symposium on Foundations of Computer Science (FOCS'05)}, 
  title={On the unique games conjecture}, 
  year={2005},
  volume={},
  number={},
  pages={3-},
  doi={10.1109/SFCS.2005.61}}